\Sort{
  Mode{on}
  Collation{ASCII}
  SortTypeOrder{key,name}
  NameOrder{ascending}
  Key{{author,editor}}
  KeyOrder{ascending,nulls first}
  StringSort{ascending}
}
%%% ====================================================================
%%%  BibTeX-file{
%%%     author          = "Ricardo Torres",
%%%     version         = "1.00",
%%%     date            = "April 2001",

@STRING{ ams = "American Meteorology Society" }
@STRING{ jms = "Journal of Marine Systems" }
@STRING{ jfm = "Journal of Fluid Mechanics" }
@STRING{ jpo = "Journal of Physical Oceanography" }
@STRING{ jgr = "Journal of Geophysical Research" }

@ARTICLE{Adams69,
  author = {Adams, J.K. and U.T. Buchwald},
  year = 1969,
  title = {The Generation of Continental Shelf Waves},
  journal = jfm,
  volume = 35,
  pages = {815-826}
}
@ARTICLE{Dutkiewicz93,
  author = {Dutkiewicz et Al.},
  year = 1993,
  title = {Particle Diffusion in a Meandering Jet},
  journal = jgr,
  volume = {98(C9)},
  pages = {16487-16500}
}
@ARTICLE{Allen80,
  author = {Allen, J.S.},
  year = 1980,
  title = {Models of Wind-Driven Currents on the Continental Shelf},
  journal = {Ann. Rev. Fluid Mech.},
  volume = 12,
  pages = {389-433}
}
@ARTICLE{Allen95,
  author = {Allen, J.S., P.A. Newberger and J. Federiuk},
  year = 1995,
  title = {Upwelling Circulation on the Oregon Continental Shelf. Part I:
          Respons to Idealized Forcing},
  journal = jpo,
  volume = 25,
  pages = {1843-1866},
  abstract = {Not Bad}
}
@ARTICLE{Ambar84,
  author = {Ambar, I.J.},
  editor = {Grupo de Oceanografia, Universidade de Lsiboa},
  year = 1984,
  title = {Seis Meses de Medicoes de Correntes, Temperaturas e Salinidades Na
          Vertente Continental Ao Largo Da Costa Alentejana},
  journal = {Relatorio Tecnico},
  volume = {1/84},
  pages = 47
}
@ARTICLE{BARTH87,
  author = {Barth. J.A., and K.H. Brink},
  year = 1987,
  title = {Shipboard Acoustic Doppler Velocity Observations Near Point
          Conception: Spring 1983.},
  journal = jgr,
  volume = 92,
  pages = {3925-3943}
}
@ARTICLE{Blanton87,
  author = {Blanton, J.O., K.R. Tenore, F. Castillejo, L.P. Atkinson, F.B.
           Schwing and A. Lavin},
  year = 1987,
  title = {The Relationship of Upwelling to Mussel Production in the Rias on
          the Western Coast of Spain.},
  journal = {J. Mar. Res.},
  volume = 45,
  pages = {497-511}
}
@ARTICLE{Blanton84,
  author = {Blanton, J.O., L.P. Atkinson, F. Castillejo and A.L. Montero},
  year = 1984,
  title = {Coastal Upwelling of the R\'{\i}as Bajas, Galicia, Northwest Spain,
          I; Hydrographic Studies.},
  journal = {Rapp. P. V. R\'eun. Cons. int. Explor. Mer.},
  volume = 183,
  pages = {179-190}
}
@INBOOK{Brink98,
  author = {Brink, K.H.},
  editor = {K.H. Brink & A.R. Robinson Eds.},
  year = 1998,
  title = {Wind-Driven Currents over the Continental Shelf.},
  booktitle = {The Sea},
  publisher = {John Wiley & Sons, Inc.}
}
@ARTICLE{Castro94,
  author = {Castro, C.G., F.F. P{\'e}rez, X.A. Alvarez-Salgado, G. Ros{\'o}n
           and A.F. R{\'{\i}}os},
  year = 1994,
  title = {Hydrography Conditions Associated with the Relaxation of a
          Upwelling Event Off the Galician Coast {(NW} Spain)},
  journal = jgr,
  volume = 99,
  pages = {5135-5147}
}
@ARTICLE{Enriquez95,
  author = {Enriquez, A.G. and C.A. Friehe},
  year = 1995,
  title = {Effects of Wind Stress and Wind Stress Curl Variability on Coastal
          Upwelling.},
  journal = jpo,
  volume = 25,
  pages = {1651-1671}
}
@ARTICLE{Gomis96,
  author = {Gomis, D., M.A. Pedder and A. Viudez},
  year = 1996,
  title = {Recovering Spatial Features in the Ocean:Performance of Isopycnal
          Vs. Isobaric Analysis},
  journal = jms
}
@ARTICLE{Haynes93,
  author = {Haynes, R., E.D. Barton and I. Pilling},
  year = 1993,
  title = {Development, Persistence and Variability of Upwelling Filaments Off
          the Atlantic Coast of the Iberian Peninsula},
  journal = jgr,
  volume = 98,
  pages = {22 681-22 692}
}
@ARTICLE{Mcclain86,
  author = {McClain, C.R., Shenn-Yu Chao, L.P. Atkinson, J.O. Blanton, and F.
           de Castillejo},
  year = 1986,
  title = {Wind-Driven Upwelling in the Vecinity of Cape Finisterre, Spain},
  journal = jgr,
  volume = 91,
  pages = {8470-8486}
}
@ARTICLE{Narimousa85,
  author = {Narimousa, S. and T. Maxworthy},
  year = 1985,
  title = {Two-Layer Model of Shear Driven Coastal Upwelling in the Presence
          of Bottom Topography},
  journal = {J. Fluid Mech.},
  volume = 159,
  pages = {503-531}
}
@ARTICLE{Narimousa87,
  author = {Narimousa S., and T. Maxworthy},
  year = 1987,
  title = {A Note on the Effects of Coastline Perturbations on Coastal
          Currents and Fronts},
  journal = jpo,
  volume = 17,
  pages = {1296-1303}
}
@ARTICLE{Strub91,
  author = {Strub, T.P., P.M. Kosro, and A. Huyer},
  year = 1991,
  title = {The Nature of the Cold Filaments in the California Current System},
  journal = jgr,
  volume = 96,
  pages = {14743-14768}
}
@ARTICLE{Winant88,
  author = {Winant, C.D., C.E. Dorman, C.A. Frehe, and R.C. Beardsley},
  year = 1988,
  title = {The Marine Layer Off Northern California: An Example of
          Supercritical Channel Flow.},
  journal = {Journal of Atmospheric Science},
  volume = 45,
  pages = {3588-3605}
}
