\Sort{
  Mode{on}
  Collation{mixed}
  SortTypeOrder{key,name}
  NameOrder{ascending}
  Key{{author,editor}}
  KeyOrder{ascending,nulls first}
}
This file was automatically generated from entries from the ISI(Institute for
Scientific Information) databases of scientific andother academic documents,
using isi2bibtex version $VERSION, a perlscript which converts ISI or BIDS
format files to BibTeX format filesfor inclusion in documents typeset using
the LaTeX document processor.

Try perldoc isi2bibtex for instructions, or read the script.

This file generated on Thursday 8th August 2001, from file 'cape.cgi', which
has no subject line.

@ARTICLE{CherubinCPMS00,
  author = {Cherubin, L. and Carton, X. and Paillet, J. and Morel, Y. and
           Serpette, A.},
  year = 2000,
  title = {Instability of the Mediterranean Water undercurrents southwest of
          Portugal: effects of baroclinicity and of topography},
  journal = {Oceanol. Acta},
  volume = 23,
  pages = {551-573}
}
@ARTICLE{DickeyW01,
  author = {Dickey, T. D. and Williams, A. J.},
  year = 2001,
  title = {Interdisciplinary ocean process studies on the New England shelf},
  journal = {J. Geophys. Res.-Oceans},
  volume = 106,
  pages = {9427-9434}
}
@ARTICLE{EdwardsRWR01,
  author = {Edwards, K. A. and Rogerson, A. M. and Winant, C. D. and Rogers,
           D. P.},
  year = 2001,
  title = {Adjustment of the marine atmospheric boundary layer to a coastal
          cape},
  journal = {J. Atmos. Sci.},
  volume = 58,
  pages = {1511-1528}
}
@ARTICLE{GentLB01,
  author = {Gent, P. R. and Large, W. G. and Bryan, F. O.},
  year = 2001,
  title = {What sets the mean transport through Drake Passage?},
  journal = {J. Geophys. Res.-Oceans},
  volume = 106,
  pages = {2693-2712}
}
@ARTICLE{HaackBDR01,
  author = {Haack, T. and Burk, S. D. and Dorman, C. and Rogers, D.},
  year = 2001,
  title = {Supercritical flow interaction within the Cape Blanco-Cape
          Mendocino Orographic Complex},
  journal = {Mon. Weather Rev.},
  volume = 129,
  pages = {688-708}
}
@ARTICLE{LentzCH01,
  author = {Lentz, S. and Carr, M. and Herbers, T. H. C.},
  year = 2001,
  title = {Barotropic tides on the North Carolina shelf},
  journal = {J. Phys. Oceanogr.},
  volume = 31,
  pages = {1843-1859}
}
@ARTICLE{Lugo-FernandezMEM01,
  author = {Lugo-Fernandez, A. and Morin, M. V. and Ebesmeyer, C. C. and
           Marshall, C. F.},
  year = 2001,
  title = {Gulf of Mexico historic (1955-1987) surface drifter data analysis},
  journal = {J. Coast. Res.},
  volume = 17,
  pages = {1-16}
}
@ARTICLE{McNinchL00,
  author = {McNinch, J. E. and Luettich, R. A.},
  year = 2000,
  title = {Physical processes around a cuspate foreland: implications to the
          evolution and long-term maintenance of a cape-associated shoal},
  journal = {Cont. Shelf Res.},
  volume = 20,
  pages = {2367-2389}
}
@ARTICLE{NakamuraC01,
  author = {Nakamura, M. and Chao, Y.},
  year = 2001,
  title = {Diagnoses of an eddy-resolving Atlantic Ocean model simulation in
          the vicinity of the Gulf Stream. Part I: Potential vorticity},
  journal = {J. Phys. Oceanogr.},
  volume = 31,
  pages = {353-378}
}
@ARTICLE{PenvenLMRW01,
  author = {Penven, P. and Lutjeharms, J. R. E. and Marchesiello, P. and Roy,
           C. and Weeks, S. J.},
  year = 2001,
  title = {Generation of cyclonic eddies by the Agulhas Current in the lee of
          the Agulhas Bank},
  journal = {Geophys. Res. Lett.},
  volume = 28,
  pages = {1055-1058}
}
@ARTICLE{PenvenRdL00,
  author = {Penven, P. and Roy, C. and de Verdiere, A. C. and Largier, J.},
  year = 2000,
  title = {Simulation of a coastal jet retention process using a barotropic
          model},
  journal = {Oceanol. Acta},
  volume = 23,
  pages = {615-634}
}
@ARTICLE{PullenA00,
  author = {Pullen, J. D. and Allen, J. S.},
  year = 2000,
  title = {Modeling studies of the coastal circulation off Northern
          California: shelf response to a major Eel river flood event},
  journal = {Cont. Shelf Res.},
  volume = 20,
  pages = {2213-2238}
}
@ARTICLE{SadouxBFR00,
  author = {Sadoux, S. and Baey, J. M. and Fincham, A. and Renouard, D.},
  year = 2000,
  title = {Experimental study of the stability of an intermediate current and
          its interaction with a cape},
  journal = {Dyn. Atmos. Oceans},
  volume = 31,
  pages = {165-192}
}
@ARTICLE{ShenE01,
  author = {Shen, C. Y. and Evans, T. E.},
  year = 2001,
  title = {Surface-to-subsurface velocity projection for shallow water
          currents},
  journal = {J. Geophys. Res.-Oceans},
  volume = 106,
  pages = {6973-6984}
}
@ARTICLE{StromTR01,
  author = {Strom, L. and Tjernstrom, M. and Rogers, D. P.},
  year = 2001,
  title = {Observed dynamics of coastal flow at Cape Mendocino during Coastal
          Waves 1996},
  journal = {J. Atmos. Sci.},
  volume = 58,
  pages = {953-977}
}
@ARTICLE{UddstromO99,
  author = {Uddstrom, M. J. and Oien, N. A.},
  year = 1999,
  title = {On the use of high-resolution satellite data to describe the
          spatial and temporal variability of sea surface temperatures in the
          New Zealand region},
  journal = {J. Geophys. Res.-Oceans},
  volume = 104,
  pages = {20729-20751}
}

